@ONLINE {dcSimulation,
    author = "Wloski",
    title  = "Problem ucztujących kryptografów",
    month  = "jun",
    year   = "2012",
    url    = "https://pl.wikipedia.org/wiki/Problem_ucztuj%C4%85cych_kryptograf%C3%B3w"
}

@InProceedings{avNetwork,
author="Hao, Feng
and Zieli{\'{n}}ski, Piotr",
editor="Christianson, Bruce
and Crispo, Bruno
and Malcolm, James A.
and Roe, Michael",
title="A 2-Round Anonymous Veto Protocol",
booktitle="Security Protocols",
year="2009",
publisher="Springer Berlin Heidelberg",
address="Berlin, Heidelberg",
pages="202--211",
isbn="978-3-642-04904-0"
}

